<record><leader>00000cas a22000007a 4500</leader><controlfield tag="001">18025818</controlfield><controlfield tag="008">880601d19291931iauwr ne      0    0eng d</controlfield><datafield ind1=" " ind2=" " tag="010"><subfield code="a">sn 88059591 </subfield></datafield><datafield ind1=" " ind2=" " tag="040"><subfield code="a">INP</subfield><subfield code="b">eng</subfield><subfield code="c">INP</subfield><subfield code="d">OCLCQ</subfield></datafield><datafield ind1=" " ind2=" " tag="042"><subfield code="a">msc</subfield></datafield><datafield ind1="0" ind2="4" tag="245"><subfield code="a">The Goldfield booster.</subfield></datafield><datafield ind1=" " ind2=" " tag="260"><subfield code="a">Goldfield, Wright County, Iowa :</subfield><subfield code="b">G.R. Osborn,</subfield><subfield code="c">1929-1931.</subfield></datafield><datafield ind1=" " ind2=" " tag="300"><subfield code="a">2 v.</subfield></datafield><datafield ind1=" " ind2=" " tag="310"><subfield code="a">Weekly</subfield></datafield><datafield ind1="0" ind2=" " tag="362"><subfield code="a">Vol. 1, no. 1 (Nov. 21, 1929)-v. 2, no. 20 (Apr. 2, 1931).</subfield></datafield><datafield ind1=" " ind2=" " tag="752"><subfield code="a">United States</subfield><subfield code="b">Iowa</subfield><subfield code="c">Wright</subfield><subfield code="d">Goldfield.</subfield></datafield><datafield ind1="0" ind2="0" tag="785"><subfield code="t">Goldfield gazette</subfield><subfield code="w">(DLC)sn 88059592</subfield></datafield></record>